<?xml version="1.0" encoding="UTF-8"?><collection xmlns="http://www.loc.gov/MARC21/slim"><record><leader>00370nam--2200145-i-4500</leader><controlfield tag="001">000019731</controlfield><controlfield tag="002">20161230</controlfield><controlfield tag="005">20161230201033</controlfield><controlfield tag="008">060222s1000------------r-----000-0-eng-d</controlfield><datafield ind1=" " ind2=" " tag="080"><subfield code="a">30.145.6</subfield></datafield><datafield ind1=" " ind2=" " tag="100"><subfield code="a">Loffler, H</subfield></datafield><datafield ind1=" " ind2=" " tag="245"><subfield code="a">Mikrophysik.teil 1</subfield></datafield><datafield ind1=" " ind2=" " tag="260"><subfield code="a">Berlin, Veb Deutscher Verlag, 1976. 156 P. Mit 59 Abbildungen</subfield></datafield><datafield ind1=" " ind2=" " tag="490"><subfield code="a">Physik Fur Lehrer</subfield></datafield><datafield ind1=" " ind2=" " tag="852"><subfield code="a">45845</subfield></datafield></record></collection>